@book{bonet:2000:fem,
	added-at = "2009-08-01T18:40:48.000+0200",
	author = "Bonet, J. and Wood, R. D.",
	interhash = "9bf8317b51cde78b769ea765d81dff79",
	intrahash = "39480fd93a009a13a01bc7c9a1962982",
	keywords = "imported",
	publisher = "Cambridge University Press",
	title = "{Nonlinear continuum mechanics for finite element analysis}",
	x-fetchedfrom = "Bibsonomy",
	year = 2000
}

@ARTICLE{rasoulian:2012:gwssm, 
  author={Rasoulian, A. and Rohling, R. and Abolmaesumi, P.}, 
  journal={Medical Imaging, IEEE Transactions on}, 
  title={Group-Wise Registration of Point Sets for Statistical Shape Models}, 
  year={2012}, 
  volume={31}, 
  number={11}, 
  pages={2025--2034}, 
  keywords={Algorithm design and analysis;Computational modeling;Deformable models;Image registration;Mathematical model;Shape;Training;Gaussian mixture model;group-wise registration;statistical shape model}, 
  doi={10.1109/TMI.2012.2202913}, 
  ISSN={0278-0062}
}

@ARTICLE{myronenko:2010:cpd, 
author={Myronenko, A. and Xubo Song}, 
journal={Pattern Analysis and Machine Intelligence, IEEE Transactions on}, 
title={Point Set Registration: Coherent Point Drift}, 
year={2010}, 
volume={32}, 
number={12}, 
pages={2262--2275}, 
keywords={Gaussian processes;computational complexity;computer vision;estimation theory;expectation-maximisation algorithm;image registration;probability;CPD algorithm;EM algorithm;GMM centroid locations;GMM centroids;Gaussian mixture model;coherence constraint;coherent point drift;computation complexity;computer vision;nonrigid transformations;optimal transformation;point set registration;probabilistic method;probability density estimation;reparameterization;topological structure;unknown nonrigid spatial transformation;Coherent Point Drift (CPD);EM algorithm.;Gaussian mixture model (GMM);Registration;alignment;coherence;correspondence;matching;nonrigid;point sets;regularization;rigid}, 
doi={10.1109/TPAMI.2010.46}, 
ISSN={0162-8828}
}

@incollection{marami:2011:femreg,
year={2011},
isbn={978-3-642-23622-8},
booktitle={Medical Image Computing and Computer-Assisted Intervention – MICCAI 2011},
volume={6891},
series={Lecture Notes in Computer Science},
editor={Fichtinger, Gabor and Martel, Anne and Peters, Terry},
doi={10.1007/978-3-642-23623-5_58},
title={Model-Based Deformable Registration of Preoperative 3D to Intraoperative Low-Resolution 3D and 2D Sequences of MR Images},
url={http://dx.doi.org/10.1007/978-3-642-23623-5_58},
publisher={Springer Berlin Heidelberg},
keywords={Image registration; soft-tissue deformation; MR imaging; breast biopsy; continuum mechanics; finite element method},
author={Marami, Bahram and Sirouspour, Shahin and Capson, DavidW.},
pages={460--467}
}

@article{hu:2010:prostatefem,
title = "A comparison of the accuracy of statistical models of prostate motion trained using data from biomechanical simulations ",
journal = "Progress in Biophysics and Molecular Biology ",
volume = "103",
number = "2–3",
pages = "262 - 272",
year = "2010",
note = "Special Issue on Biomechanical Modelling of Soft Tissue Motion ",
issn = "0079-6107",
doi = "http://dx.doi.org/10.1016/j.pbiomolbio.2010.09.009",
url = "http://www.sciencedirect.com/science/article/pii/S0079610710000775",
author = "Yipeng Hu and Rieneke van den Boom and Timothy Carter and Zeike Taylor and David Hawkes and Hashim Uddin Ahmed and Mark Emberton and Clare Allen and Dean Barratt",
keywords = "Biomechanical modelling",
keywords = "Statistical shape models",
keywords = "Organ motion",
keywords = "Prostate",
keywords = "Image registration "
}

@article{si:2008:tetgen,
	author = "Si, H.",
	doi = "10.1002/nme.2318",
	issn = "1097-0207",
	journal = "International Journal for Numerical Methods in Engineering",
	keywords = "tetrahedral mesh generation; constrained Delaunay; Delaunay refinement; adaptive mesh refinement",
	number = "7",
	pages = "856--880",
	publisher = "John Wiley \& Sons, Ltd.",
	title = "{Adaptive tetrahedral mesh generation by constrained Delaunay refinement}",
	url = "http://dx.doi.org/10.1002/nme.2318",
	volume = "75",
	year = "2008"
}

@inproceedings{toussaint:1993:tetrahedralization,
  title={Tetrahedralization of simple and non-simple polyhedra},
  author={Toussaint, Godfried T and Verbrugge, Clark and Wang, Caoan and Zhu, Binhai},
  booktitle={Proc. 5th Canadian Conference on Computational Geometry},
  year={1993},
  location={Waterloo, Ontario, Canada},
  organization={University of Waterloo}
}

@article{schonhardt:1928:tet,
year={1928},
issn={0025-5831},
journal={Mathematische Annalen},
volume={98},
number={1},
doi={10.1007/BF01451597},
title={{\"U}ber die Zerlegung von Dreieckspolyedern in Tetraeder},
url={http://dx.doi.org/10.1007/BF01451597},
publisher={Springer-Verlag},
author={Sch{\"o}nhardt, E.},
pages={309--312},
language={German}
}