@article{Cancer13a,
title={Canadian Cancer Statistics 2013},
author={{Canadian Cancer Society's Advisory Committee on Cancer Statistics}},
journal={Toronto, ON: Canadian Cancer Society},
}

@article{Rifkin90,
title={Comparison of magnetic resonance imaging and ultrasonography in staging early prostate cancer. results of a multi-institutional cooperative trial},
author={Matthew D. Rifkin and Elias A. Zerhouni and Constantine A. Gatsonis and Leslie E. Quint and David M. Paushter and Jonathan I. Epstein and Ulrike Hamper and Patrick C. Walsh and Barbara J. McNeil},
journal={The New England Journal of Medicine},
year={1990},
volume={323},
number={10},
pages={621--626},
}

@incollection{Xu11a,
year={2010},
booktitle={Medical Image Computing and Computer-Assisted Interventions},
volume={6363},
title={{MRI}-Guided Robotic Prostate Biopsy: A Clinical Accuracy Validation},
author={Xu, Helen and Lasso, Andras and Vikal, Siddharth and Guion, Peter and Krieger, Axel and Kaushal, Aradhana and Whitcomb, LouisL. and Fichtinger, Gabor},
pages={383--391}
}

@article{Vourganti12a,
title = "Multiparametric Magnetic Resonance Imaging and Ultrasound Fusion Biopsy Detect Prostate Cancer in Patients with Prior Negative Transrectal Ultrasound Biopsies",
journal = "The Journal of Urology",
volume = "188",
number = "6",
pages = {2152--2157},
year = "2012",
note = "",
issn = "0022-5347",
author = "Srinivas Vourganti and Ardeshir Rastinehad and Nitin K. Yerram and Jeffrey Nix and Dmitry Volkin and An Hoang and Baris Turkbey and Gopal N. Gupta and Jochen Kruecker and W. Marston Linehan and Peter L. Choyke and Bradford J. Wood and Peter A. Pinto",
}

@inproceedings{Xu2007a,
title={Closed-loop control in fused {MR-TRUS} image-guided prostate biopsy},
author={Xu, Sheng and Kruecker, Jochen and Guion, Peter and Glossop, Neil and Neeman, Ziv and Choyke, Peter and Singh, Anurag K. and Wood, Bradford J.},
booktitle={Medical Image Computing and Computer-Assisted Interventions},
pages={128--135},
year={2007},
}

@incollection{Cool11a,
year={2011},
booktitle={Prostate Cancer Imaging. Image Analysis and Image-Guided Interventions},
title={Fusion of {MRI} to {3D}-{TRUS} for Mechanically-Assisted Targeted Prostate Biopsy: System Design and Initial Clinical Experience},
author={Cool, Derek W. and Bax, Jeff and Romagnoli, Cesare and Ward, Aaron D. and Gardi, Lori and Karnik, Vaishali and Izawa, Jonathan and Chin, Joseph and Fenster, Aaron},
pages={121--133}
}

@incollection{Sun13a,
year={2013},
booktitle={Medical Image Computing and Computer-Assisted Interventions},
volume={8149},
title={Efficient Convex Optimization Approach to {3D} Non-rigid {MR-TRUS} Registration},
author={Sun, Yue and Yuan, Jing and Rajchl, Martin and Qiu, Wu and Romagnoli, Cesare and Fenster, Aaron},
pages={195--202}
}

@article{Silva13a,
author = {Tharindu De Silva and Aaron Fenster and Derek W. Cool and Lori Gardi and Cesare Romagnoli and Jagath Samarabandu and Aaron D. Ward},
title = {{2D-3D} rigid registration to compensate for prostate motion during {3D} {TRUS}-guided biopsy},
year = {2013},
journal = {Medical Physics},
volume = {40},
number = {2},
numpages = {13},
pages = {022904},
}

@article{Zakian05a,
author = {Zakian, Kristen L. and Sircar, Kanishka and Hricak, Hedvig and Chen, Hui-Ni and Shukla-Dave, Amita and Eberhardt, Steven and Muruganandham, Manickam and Ebora, Lanie and Kattan, Michael W. and Reuter, Victor E. and Scardino, Peter T. and Koutcher, Jason A.},
title = {Correlation of Proton {MR} Spectroscopic Imaging with Gleason Score Based on Step-Section Pathologic Analysis after Radical Prostatectomy},
journal = {Radiology},
volume = {234},
number = {3},
pages = {804--814},
year = {2005},
}

@INPROCEEDINGS{Moradi12a, 
author={Moradi, M. and Janoos, F. and Fedorov, A. and Risholm, P. and Kapur, T. and Wolfsberger, L. D. and Nguyen, P. L. and Tempany, C. M. and Wells, W. M.}, 
booktitle={Engineering in Medicine and Biology Society (EMBC), 2012 Annual International Conference of the IEEE}, 
title={Two solutions for registration of ultrasound to {MRI} for image-guided prostate interventions}, 
year={2012}, 
pages={1129--1132}, 
ISSN={1557-170X},}

@article{Hu12a,
title = "{MR} to ultrasound registration for image-guided prostate interventions ",
journal = "Medical Image Analysis ",
volume = "16",
number = "3",
pages = "687--703",
year = "2012",
issn = "1361-8415",
author = "Yipeng Hu and Hashim Uddin Ahmed and Zeike Taylor and Clare Allen and Mark Emberton and David Hawkes and Dean Barratt",
}

@article{Heinrich12a,
title = "{MIND}: Modality independent neighbourhood descriptor for multi-modal deformable registration ",
journal = "Medical Image Analysis ",
volume = "16",
number = "7",
pages = "1423--1435",
year = "2012",
issn = "1361-8415",
author = "Mattias P. Heinrich and Mark Jenkinson and Manav Bhushan and Tahreema Matin and Fergus V. Gleeson and Sir Michael Brady and Julia A. Schnabel",
}

@article{Smith07a,
title = "Prostate volume contouring: A {3D} analysis of segmentation using {3DTRUS}, {CT}, and {MR} ",
journal = "International Journal of Radiation Oncology Biology Physics",
volume = "67",
number = "4",
pages = "1238--1247",
year = "2007",
issn = "0360-3016",
author = "Wendy L. Smith and Craig Lewis and Glenn Bauman and George Rodrigues and David D'Souza and Robert Ash and Derek Ho and Varagur Venkatesan and Dónal Downey and Aaron Fenster",
}

@ARTICLE{Tam13a, 
author={Tam, G. K. L. and Zhi-Quan Cheng and Yu-Kun Lai and Langbein, F. C. and Yonghuai Liu and Marshall, D. and Martin, R. R. and Xian-Fang Sun and Rosin, P. L.}, 
journal={Visualization and Computer Graphics, IEEE Transactions on}, 
title={Registration of {3D} Point Clouds and Meshes: A Survey from Rigid to Nonrigid}, 
year={2013}, 
volume={19}, 
number={7}, 
pages={1199--1217}, 
ISSN={1077-2626},}

@article{Karnik10a,
author = "Karnik, V. V. and Fenster, A. and Bax, J. and Cool, D. W. and Gardi, L. and Gyacskov, I. and Romagnoli, C. and Ward, A. D.",
title = "Assessment of image registration accuracy in three-dimensional transrectal ultrasound guided prostate biopsy",
journal = "Medical Physics",
year = "2010",
volume = "37",
number = "2", 
pages = "802--813",
}

@ARTICLE{Rucker14a, 
author={Rucker, D. C. and Yifei Wu and Clements, L. W. and Ondrake, J. E. and Pheiffer, T. S. and Simpson, A. L. and Jarnagin, W. R. and Miga, M. I.}, 
journal={Medical Imaging, IEEE Transactions on}, 
title={A Mechanics-Based Nonrigid Registration Method for Liver Surgery Using Sparse Intraoperative Data}, 
year={2014}, 
volume={33}, 
number={1},
pages = {147--158}, 
}

@ARTICLE{Cash05a, 
author={Cash, D. M. and Miga, M. I. and Sinha, T. K. and Galloway, R. L. and Chapman, W. C.}, 
journal={Medical Imaging, IEEE Transactions on}, 
title={Compensating for intraoperative soft-tissue deformations using incomplete surface data and finite elements}, 
year={2005}, 
volume={24}, 
number={11}, 
pages={1479--1491}, }

@article{Roberts98a,
title={Intraoperative brain shift and deformation: a quantitative analysis of cortical displacement in 28 cases},
author={Roberts, David W. and Hartov, Alexander and Kennedy, Francis E. and Miga, Michael I. and Paulsen, Keith D.},
journal={Neurosurgery},
volume={43},
number={4},
pages={749--758},
year={1998},
}

@article{Rasoulian12a,
author = "Rasoulian, Abtin and Abolmaesumi, Purang and Mousavi, Parvin",
title = "Feature-based multibody rigid registration of {CT} and ultrasound images of lumbar spine",
journal = "Medical Physics",
year = "2012",
volume = "39",
number = "6", 
pages = "3154--3166",
}

@ARTICLE{Myronenko10a, 
author={Myronenko, A. and Xubo Song}, 
journal={Pattern Analysis and Machine Intelligence, IEEE Transactions on}, 
title={Point Set Registration: Coherent Point Drift}, 
year={2010}, 
volume={32}, 
number={12}, 
pages={2262--2275}, }

@ARTICLE{Jian11a, 
author={Bing Jian and Vemuri, B.C.}, 
journal={Pattern Analysis and Machine Intelligence, IEEE Transactions on}, 
title={Robust Point Set Registration Using {Gaussian} Mixture Models}, 
year={2011}, 
volume={33}, 
number={8}, 
pages={1633--1645}, 
ISSN={0162-8828},}

@incollection{Combes10a,
year={2010},
booktitle={Medical Image Computing and Computer-Assisted Interventions},
volume={6362},
title={An Efficient {EM-ICP} Algorithm for Symmetric Consistent Non-linear Registration of Point Sets},
author={Combès, Benoît and Prima, Sylvain},
pages={594--601}
}

@ARTICLE{Huang07a, 
author={Heng Huang and Li Shen and Rong Zhang and Makedon, F. and Saykin, A.. and Pearlman, J.}, 
journal={Information Technology in Biomedicine, IEEE Transactions on}, 
title={A Novel Surface Registration Algorithm With Biomedical Modeling Applications}, 
year={2007}, 
volume={11}, 
number={4}, 
pages={474--482}, 
doi={10.1109/TITB.2007.897577}, 
ISSN={1089-7771},}

@ARTICLE{Besl92a, 
author={Besl, P.J. and McKay, Neil D.}, 
journal={Pattern Analysis and Machine Intelligence, IEEE Transactions on}, 
title={A method for registration of {3D} shapes}, 
year={1992}, 
volume={14}, 
number={2}, 
pages={239--256},}

@article{Chui03a,
title = "A new point matching algorithm for non-rigid registration ",
journal = "Computer Vision and Image Understanding ",
volume = "89",
number = "2--3",
pages = "114--141",
year = "2003",
author = "Haili Chui and Anand Rangarajan",
}

@article{Brown07a,
author = {Brown, Benedict J. and Rusinkiewicz, Szymon},
title = {Global Non-rigid Alignment of {3D} Scans},
journal = {ACM Transactions on Graphics},
volume = {26},
number = {3},
year = {2007},
pages ={21:1--21:9},
} 

@article{Wand09a,
 author = {Wand, Michael and Adams, Bart and Ovsjanikov, Maksim and Berner, Alexander and Bokeloh, Martin and Jenke, Philipp and Guibas, Leonidas and Seidel, Hans-Peter and Schilling, Andreas},
 title = {Efficient Reconstruction of Nonrigid Shape and Motion from Real-time {3D} Scanner Data},
 journal = {ACM Transactions on Graphics},
 volume = {28},
 number = {2},
 year = {2009},
 pages = {15:1--15:15}, 
} 

@incollection{Brounstein11a,
year={2011},
booktitle={Medical Image Computing and Computer-Assisted Interventions},
volume={6891},
series={Lecture Notes in Computer Science},
title={Towards Real-Time {3D} {US} to {}CT Bone Image Registration Using Phase and Curvature Feature Based {GMM} Matching},
url={http://dx.doi.org/10.1007/978-3-642-23623-5_30},
author={Brounstein, Anna and Hacihaliloglu, Ilker and Guy, Pierre and Hodgson, Antony and Abugharbieh, Rafeef},
pages={235--242}
}

@article{Cootes95a,
title = "Active Shape Models-Their Training and Application ",
journal = "Computer Vision and Image Understanding ",
volume = "61",
number = "1",
pages = "38--59",
year = "1995",
author = "T. F. Cootes and C. J. Taylor and D. H. Cooper and J. Graham"
}

@incollection{Rohr96a,
year={1996},
booktitle={Visualization in Biomedical Computing},
volume={1131},
title={Point-based elastic registration of medical image data using approximating thin-plate splines},
author={Rohr, K. and Stiehl, H.S. and Sprengel, R. and Beil, W. and Buzug, T.M. and Weese, J. and Kuhn, M.H.},
pages={297--306}
}

@article{Zhang94a,
year={1994},
issn={0920-5691},
journal={International Journal of Computer Vision},
volume={13},
number={2},
doi={10.1007/BF01427149},
title={Iterative point matching for registration of free-form curves and surfaces},
author={Zhang, Zhengyou},
pages={119--152},
}

@article {Kaick11a,
author = {van Kaick, Oliver and Zhang, Hao and Hamarneh, Ghassan and Cohen-Or, Daniel},
title = {A Survey on Shape Correspondence},
journal = {Computer Graphics Forum},
volume = {30},
number = {6},
pages = {1681--1707},
year = {2011},
}

@incollection{Ashraf02a,
year={2002},
booktitle={Medical Image Computing and Computer-Assisted Intervention},
volume={2489},
title={A Combined Statistical and Biomechanical Model for Estimation of Intra-operative Prostate Deformation},
author={Mohamed, Ashraf and Davatzikos, Christos and Taylor, Russell},
pages={452--460},
}

@ARTICLE{Yeo10a, 
author={Yeo, B.T.T. and Sabuncu, M.R. and Vercauteren, T. and Ayache, N. and Fischl, B. and Golland, P.}, 
journal={Medical Imaging, IEEE Transactions on}, 
title={Spherical Demons: Fast Diffeomorphic Landmark-Free Surface Registration}, 
year={2010}, 
volume={29}, 
number={3}, 
pages={650--668},}

@incollection{Ferrant00a,
year={2000},
booktitle={Discrete Geometry for Computer Imagery},
volume={1953},
title={Deformable Modeling for Characterizing Biomedical Shape Changes},
author={Ferrant, Matthieu and Macq, Benoit and Nabavi, Arya and Warfield, SimonK.},
pages={235--248},
}

@ARTICLE{Ferrant01a, 
author={Ferrant, M. and Nabavi, A. and Macq, B. and Jolesz, F. A. and Kikinis, R. and Warfield, S. K.}, 
journal={Medical Imaging, IEEE Transactions on}, 
title={Registration of {3D} intraoperative {MR} images of the brain using a finite-element biomechanical model}, 
year={2001}, 
volume={20}, 
number={12}, 
pages={1384--1397}, 
}

@article{Farheen12a,
author = {Taquee, Farheen and Goksel, Orcun and Mahdavi, S. Sara and Keyes, Mira and Morris, W. James and Spadinger, Ingrid and Salcudean, Septimiu},
title = {Deformable prostate registration from {MR} and {TRUS} images using surface error driven FEM models},
journal = {Proc. SPIE},
volume = {8316},
number = {},
pages = {831612},
year = {2012},
}

@incollection{Noe10a,
year={2010},
booktitle={Biomedical Simulation},
volume={5958},
title={Solid Mesh Registration for Radiotherapy Treatment Planning},
author={Noe, KarstenØstergaard and Sørensen, ThomasSangild},
pages={59--70}
}

@ARTICLE{Rasoulian12b, 
author={Rasoulian, A. and Rohling, R. and Abolmaesumi, P.}, 
journal={Medical Imaging, IEEE Transactions on}, 
title={Group-Wise Registration of Point Sets for Statistical Shape Models}, 
year={2012}, 
volume={31}, 
number={11}, 
pages={2025--2034},}

@ARTICLE{Cerveri14a, 
author={CerveriP. and Manzotti, A. and Vanzulli, A. and Baroni, G.}, 
journal={Biomedical Engineering, IEEE Transactions on}, 
title={Local Shape Similarity and Mean-Shift Curvature for Deformable Surface Mapping of Anatomical Structures}, 
year={2014}, 
volume={61}, 
number={1}, 
pages={16--24},}

@book{Bonet00a,
	author = "Bonet, J. and Wood, R. D.",
	keywords = "imported",
	publisher = "Cambridge University Press",
	title = "{Nonlinear continuum mechanics for finite element analysis}",
	year = {2000},}

@article {Zhang08a,
author = {Zhang, H. and Sheffer, A. and Cohen-Or, D. and Zhou, Q. and Van Kaick, O. and Tagliasacchi, A.},
title = {Deformation-Driven Shape Correspondence},
journal = {Computer Graphics Forum},
volume = {27},
number = {5},
pages = {1431--1439},
year = {2008},
}

@article {Huang08a,
author = {Huang, Qi-Xing and Adams, Bart and Wicke, Martin and Guibas, Leonidas J.},
title = {Non-Rigid Registration Under Isometric Deformations},
journal = {Computer Graphics Forum},
volume = {27},
number = {5},
publisher = {Blackwell Publishing Ltd},
pages = {1449--1457},
year = {2008},
}

@article {Zheng10a,
author = {Zheng, Q. and Sharf, A. and Tagliasacchi, A. and Chen, B. and Zhang, H. and Sheffer, A. and Cohen-Or, D.},
title = {Consensus Skeleton for Non-rigid Space-time Registration},
journal = {Computer Graphics Forum},
volume = {29},
number = {2},
issn = {1467-8659},
pages = {635--644},
year = {2010},
}

@ARTICLE{Sahillioglu12a, 
author={Sahillioglu, Y. and Yemez, Y.}, 
journal={Pattern Analysis and Machine Intelligence, IEEE Transactions on}, 
title={Minimum-Distortion Isometric Shape Correspondence Using {EM} Algorithm}, 
year={2012}, 
volume={34}, 
number={11}, 
pages={2203--2215}, }

@ARTICLE{Arun87a, 
author={Arun, K.S. and Huang, T. S. and Blostein, S. D.}, 
journal={Pattern Analysis and Machine Intelligence, IEEE Transactions on}, 
title={Least-Squares Fitting of Two {3D} Point Sets}, 
year={1987}, 
volume={PAMI-9}, 
number={5}, 
pages={698--700}, }

@article{Wells96a,
title = "Multi-modal volume registration by maximization of mutual information",
journal = "Medical Image Analysis",
volume = "1",
number = "1",
pages = "35--51",
year = "1996",
author = "William M. Wells III and Paul Viola and Hideki Atsumi and Shin Nakajima and Ron Kikinis",
}

@article{Masutani01a,
title = "A new modal representation of liver deformation for non-rigid registration in image-guided surgery ",
journal = "International Congress Series",
volume = "1230",
number = "0",
pages = "20--26",
year = "2001",
author = "Yoshitaka Masutani and Fumihiko Kimura", }

@article {Gibson12a,
author = {Gibson, Eli and Crukley, Cathie and Gaed, Mena and Gómez, José A. and Moussa, Madeleine and Chin, Joseph L. and Bauman, Glenn S. and Fenster, Aaron and Ward, Aaron D.},
title = {Registration of prostate histology images to ex vivo {MR} images via strand-shaped fiducials},
journal = {Journal of Magnetic Resonance Imaging},
volume = {36},
number = {6},
pages = {1402--1412},
year = {2012},
}

@article{Bax08a,
author = "Bax, Jeffrey and Cool, Derek and Gardi, Lori and Knight, Kerry and Smith, David and Montreuil, Jacques and Sherebrin, Shi and Romagnoli, Cesare and Fenster, Aaron",
title = "Mechanically assisted {3D} ultrasound guided prostate biopsy system",
journal = "Medical Physics",
year = "2008",
volume = "35",
number = "12", 
pages = "5397--5410",
}

@article{Baumann12a,
title = "Prostate biopsy tracking with deformation estimation",
journal = "Medical Image Analysis ",
volume = "16",
number = "3",
pages = "562--576",
year = "2012",
issn = "1361-8415",
author = "Michael Baumann and Pierre Mozer and Vincent Daanen and Jocelyne Troccaz",
}

@ARTICLE{Treece00a, 
author={Treece, G. M. and Prager, R. W. and Gee, A. H. and Berman, L.}, 
journal={Medical Imaging, IEEE Transactions on}, 
title={Surface interpolation from sparse cross sections using region correspondence}, 
year={2000}, 
month={Nov}, 
volume={19}, 
number={11}, 
pages={1106--1114}, 
}

@article{Fedorov12a,
title = "{3D} Slicer as an image computing platform for the Quantitative Imaging Network ",
journal = "Magnetic Resonance Imaging",
volume = "30",
number = "9",
pages = "1323--1341",
year = "2012",
author = "Andriy Fedorov and Reinhard Beichel and Jayashree Kalpathy-Cramer and Julien Finet and Jean-Christophe Fillion-Robin and Sonia Pujol and Christian Bauer and Dominique Jennings and Fiona Fennessy and Milan Sonka and John Buatti and Stephen Aylward and James V. Miller and Steve Pieper and Ron Kikinis",
}

@article{Si06a,
  title={A quality tetrahedral mesh generator and three-dimensional delaunay triangulator},
  author={Si, Hang},
  journal={Weierstrass Institute for Applied Analysis and Stochastic, Berlin, Germany},
  year={2006},
}

@inproceedings{Kemper04a,
  title={{MR} elastography of the prostate: initial in-vivo application},
  author={Kemper, J and Sinkus, R and Lorenzen, J and Nolte-Ernsting, C and Stork, A and Adam, G},
  booktitle={R{\"o}Fo-Fortschritte auf dem Gebiet der R{\"o}ntgenstrahlen und der bildgebenden Verfahren},
  volume={176},
  number={08},
  pages={1094--1099},
  year={2004},
}

@article{Sibson91a,
  title={Computation of thin-plate splines},
  author={Sibson, Robin and Stone, G},
  journal={SIAM Journal on Scientific and Statistical Computing},
  volume={12},
  number={6},
  pages={1304--1313},
  year={1991},
}

@incollection{Qiu12a,
year={2012},
booktitle={MICCAI},
volume={7510},
title={Rotational-Slice-Based Prostate Segmentation Using Level Set with Shape Constraint for {3D} End-Firing {TRUS} Guided Biopsy},
author={Qiu, Wu and Yuan, Jing and Ukwatta, Eranga and Tessier, David and Fenster, Aaron},
pages={537--544}
}

@ARTICLE{Bax2008a,
author = {Jeffrey Bax and Derek Cool and Lori Gardi and Kerry Knight and David Smith and Jacques Montreuil and Shi Sherebrin and Cesare Romagnoli and Aaron Fenster},
title = {Mechanically assisted {3D} ultrasound guided prostate biopsy system},
journal = {Medical Physics},
year = {2008},
volume = {35},
pages = {5397--5410},
number = {12},
}

@CONFERENCE{Xu2010a,
author = {Helen Xu and Andrass Lasso and Siddharta Vikal and Peter Guion and Axel Krieger and Aradhana Kaushal and Louis L. Whitcomb and Gabor Fichtinger},
title = {{MRI}-guided Robotic Prostate Biopsy: A Clinical Accuracy Validation},
booktitle = {MICCAI},
year = {2010},
volume = {13},
number = {3},
pages = {383--91},
}

@ARTICLE{Xu2008a,
author = {Xu, Sheng and Kruecker, Jochen and Turkbey, Baris and Glossop, Neil and Singh, Anurag K and Choyke, Peter and Pinto, Peter and Wood, Bradford J},
title = {Real-time {MRI-TRUS} fusion for guidance of targeted prostate biopsies.},
journal = {International Society for Computer Aided Surgery},
year = {2008},
volume = {13},
pages = {255--264},
number = {5},
}

@ARTICLE{Karnik2010a,
author = {Vaishali V. Karnik and Aaron Fenster and Jeroen Bax and Derek W. Cool and Lori Gardi and Igor Gyacskov and Cesare Romagnoli and Aaron D. Ward},
title = {Assessment of image registration accuracy in three-dimensional transrectal ultrasound guided prostate biopsy},
journal = {Medical Physics},
year = {2010},
volume = {37},
pages = {802--813},
number = {2},
}

@ARTICLE{Karnik2011a,
author = {Vaishali V. Karnik and Jeroen Bax and Aaron Fenster and Aaron D. Ward and Cesare Romagnoli},
title = {Evaluation of intersession {3D-TRUS} to {3D-TRUS} image registration for repeat prostate biopsies},
journal = {Medical Physics},
year = {2010},
volume = {37},
pages = {802--813},
number = {2},
}

@incollection{Cool2011a,
year={2011},
booktitle={Prostate Cancer Imaging. Image Analysis and Image-Guided Interventions},
title={Fusion of {MRI} to {3D} {TRUS} for Mechanically-Assisted Targeted Prostate Biopsy: System Design and Initial Clinical Experience},
author={Cool, Derek W. and Bax, Jeff and Romagnoli, Cesare and Ward, Aaron D. and Gardi, Lori and Karnik, Vaishali and Izawa, Jonathan and Chin, Joseph and Fenster, Aaron},
pages={121--133}
}

@ARTICLE{Shen03a, 
author={Dinggang Shen and Yiqiang Zhan and Davatzikos, C.}, 
journal={Medical Imaging, IEEE Transactions on}, 
title={Segmentation of prostate boundaries from ultrasound images using statistical shape model}, 
year={2003}, 
volume={22}, 
number={4}, 
pages={539--551}, 
}

@proceeding{Heimann08a,
author = {Heimann, T. and Baumhauer, M. and Simpfendörfer, T. and Meinzer, H.-P. and Wolf, I.},
title = {Prostate segmentation from {3D} transrectal ultrasound using statistical shape models and various appearance models},
journal = {Proc. SPIE},
volume = {6914},
pages = {69141P-69141P-8},
year = {2008},
}

@proceeding{Nouranian13a,
author = {Nouranian, Saman and Mahdavi, S. Sara and Spadinger, Ingrid and Morris, William J. and Salcudean, S. E. and Abolmaesumi, P.},
title = {Multi-atlas-based automatic {3D} segmentation for prostate brachytherapy in transrectal ultrasound images},
journal = {Proc. SPIE},
volume = {8671},
number = {},
pages = {86710O-86710O-7},
year = {2013},
}

@article{Klein08a,
author = "Klein, Stefan and van der Heide, Uulke A. and Lips, Irene M. and van Vulpen, Marco and Staring, Marius and Pluim, Josien P. W.",
title = "Automatic segmentation of the prostate in 3D MR images by atlas matching using localized mutual information",
journal = "Medical Physics",
year = "2008",
volume = "35",
number = "4", 
pages = "1407--1417",
}

@INPROCEEDINGS{Martin10a, 
author={Martin, S. and Baumann, M. and Daanen, V. and Troccaz, J.}, 
booktitle={Biomedical Imaging: From Nano to Macro, 2010 IEEE International Symposium on}, 
title={{MR} prior based automatic segmentation of the prostate in TRUS images for {MR/TRUS} data fusion}, 
year={2010}, 
pages={640--643}, 
}

@article{Wang03a,
   author = "Wang, Yunqiu and Cardinal, H. Neale and Downey, Donal B. and Fenster, Aaron",
   title = "Semiautomatic three-dimensional segmentation of the prostate using two-dimensional ultrasound images",
   journal = "Medical Physics",
   year = "2003",
   volume = "30",
   number = "5", 
   pages = "887--897",
}

@article{Hodge06a,
title = "Prostate boundary segmentation from ultrasound images using {2D} active shape models: Optimisation and extension to {3D}",
journal = "Computer Methods and Programs in Biomedicine ",
volume = "84",
number = "23",
pages = "99--113",
year = "2006",
note = "Medical Image Segmentation Special Issue ",
issn = "0169-2607",
author = "Adam C. Hodge and Aaron Fenster and Dónal B. Downey and Hanif M. Ladak",
}

@book{Hadamard23,
	author = "Jacques Hadamard",
	publisher = "Cambridge University Press",
	title = "{Lectures on the {Cauchy's} Problem in Linear Partial Differential Equations}",
	year = {1923},}
	
@ARTICLE{Sotiras13a, 
author={Sotiras, A and Davatzikos, C. and Paragios, N.}, 
journal={Medical Imaging, IEEE Transactions on}, 
title={Deformable Medical Image Registration: A Survey}, 
year={2013}, 
volume={32}, 
number={7}, 
pages={1153--1190}, 
ISSN={0278-0062},}

@ARTICLE{Pluim03a, 
author={Pluim, J. P W and Maintz, J.B.A and Viergever, M.A}, 
journal={Medical Imaging, IEEE Transactions on}, 
title={Mutual-information-based registration of medical images: a survey}, 
year={2003}, 
volume={22}, 
number={8}, 
pages={986--1004}, }

@ARTICLE{Sandhu10a, 
author={Sandhu, R. and Dambreville, S. and Tannenbaum, A}, 
journal={Pattern Analysis and Machine Intelligence, IEEE Transactions on}, 
title={Point Set Registration via Particle Filtering and Stochastic Dynamics}, 
year={2010}, 
volume={32}, 
number={8}, 
pages={1459--1473}, 
ISSN={0162-8828},}

@article{Aiger08a,
 author = {Aiger, Dror and Mitra, Niloy J. and Cohen-Or, Daniel},
 title = {4-points Congruent Sets for Robust Pairwise Surface Registration},
 journal = {ACM Transactions on Graphics},
 volume = {27},
 number = {3},
 month = aug,
 year = {2008},
 pages = {85:1--85:10},
}

@INPROCEEDINGS{Wang08a, 
author={Wang, H. and Baowei Fei}, 
booktitle={Bioinformatics and Biomedical Engineering, 2008. ICBBE 2008. The 2nd International Conference on}, 
title={A Robust B-Splines-Based Point Match Method for Non-Rigid Surface Registration}, 
year={2008}, 
month={May}, 
pages={2353--2356}, 
}

@article{Salvi07a,
title = "A review of recent range image registration methods with accuracy evaluation ",
journal = "Image and Vision Computing ",
volume = "25",
number = "5",
pages = "578--596",
year = "2007",
author = "Joaquim Salvi and Carles Matabosch and David Fofi and Josep Forest",
}

@article{Horaud11a, 
title = "Rigid and Articulated Point Registration with Expectation Conditional Maximization", 
journal = "Pattern Analysis and Machine Intelligence, IEEE Transactions on", 
volume ="33", 
number = "3", 
pages = "587--602", 
year = "2011", 
author = "Horaud, R. and Forbes, F. and Yguel, M. and Dewaele, G. and Jian Zhang", 
}

@article{Heimann09a,
title = "Statistical shape models for {3D} medical image segmentation: A review ",
journal = "Medical Image Analysis ",
volume = "13",
number = "4",
pages = "543--563",
year = "2009",
author = "Tobias Heimann and Hans-Peter Meinzer",
}

@article{Avants04a,
title = "Geodesic estimation for large deformation anatomical shape averaging and interpolation ",
journal = "NeuroImage ",
volume = "23, Supplement 1",
number = "0",
pages = "S139-S150",
year = "2004",
note = "Mathematics in Brain Imaging ",
author = "Brian Avants and James C. Gee",
}

@inproceedings{Balci07a,
  title={Free-Form B-spline Deformation Model for Groupwise Registration.},
  author={Balci, SK and Golland, P and Shenton, M and Wells, WM},
  booktitle={MICCAI},
  volume={10},
  number={WS},
  pages={23--30},
  year={2007}
}

@INPROCEEDINGS{Bhatia04a, 
author={Bhatia, K. K. and Hajnal, J. V. and Puri, B. K. and Edwards, A D. and Rueckert, D.}, 
booktitle={Biomedical Imaging: Nano to Macro, 2004. IEEE International Symposium on}, 
title={Consistent groupwise non-rigid registration for atlas construction}, 
year={2004}, 
month={April}, 
pages={908--911}, 
}

@article{Cootes08a,
title = "Diffeomorphic statistical shape models ",
journal = "Image and Vision Computing ",
volume = "26",
number = "3",
pages = "326--332",
year = "2008",
note = "15th Annual British Machine Vision Conference ",
author = "T.F. Cootes and C.J. Twining and K.O. Babalola and C.J. Taylor",
}

@article{Joshi04a,
title = "Unbiased diffeomorphic atlas construction for computational anatomy ",
journal = "NeuroImage ",
volume = "23, Supplement 1",
number = "0",
pages = "S151-S160",
year = "2004",
note = "Mathematics in Brain Imaging ",
author = "S. Joshi and Brad Davis and Matthieu Jomier and Guido Gerig",
}

@ARTICLE{Rueckert03a, 
author={Rueckert, D. and Frangi, AF. and Schnabel, J.A}, 
journal={Medical Imaging, IEEE Transactions on}, 
title={Automatic construction of {3-D} statistical deformation models of the brain using nonrigid registration}, 
year={2003}, 
month={Aug}, 
volume={22}, 
number={8}, 
pages={1014--1025}, 
}

@incollection{Twining05a,
year={2005},
booktitle={Information Processing in Medical Imaging},
volume={3565},
series={Lecture Notes in Computer Science},
editor={Christensen, GaryE. and Sonka, Milan},
title={A Unified Information-Theoretic Approach to Groupwise Non-rigid Registration and Model Building},
author={Twining, CaroleJ. and Cootes, Tim and Marsland, Stephen and Petrovic, Vladimir and Schestowitz, Roy and Taylor, ChrisJ.},
pages={1--14},
}

@article {Wang10a,
author = {Wang, Qian and Chen, Liya and Yap, Pew-Thian and Wu, Guorong and Shen, Dinggang},
title = {Groupwise registration based on hierarchical image clustering and atlas synthesis},
journal = {Human Brain Mapping},
volume = {31},
number = {8},
publisher = {Wiley Subscription Services, Inc., A Wiley Company},
pages = {1128--1140},
year = {2010},
}

@ARTICLE{Chui04a, 
author={Chui, H. and Rangarajan, A and Jie Zhang and Leonard, C.M.}, 
journal={Pattern Analysis and Machine Intelligence, IEEE Transactions on}, 
title={Unsupervised learning of an Atlas from unlabeled point-sets}, 
year={2004}, 
month={Feb}, 
volume={26}, 
number={2}, 
pages={160--172}, 
}

@ARTICLE{Davies02a, 
author={Davies, R.H. and Twining, C.J. and Cootes, T.F. and Waterton, J.C. and Taylor, C.J.}, 
journal={Medical Imaging, IEEE Transactions on}, 
title={A minimum description length approach to statistical shape modeling}, 
year={2002}, 
month={May}, 
volume={21}, 
number={5}, 
pages={525--537}, 
}

@article{Durrleman09a,
title = "Statistical models of sets of curves and surfaces based on currents ",
journal = "Medical Image Analysis ",
volume = "13",
number = "5",
pages = "793--808",
year = "2009",
author = "Stanley Durrleman and Xavier Pennec and Alain Trouvé and Nicholas Ayache",
}

@incollection{Achuthan13a,
year={2013},
booktitle={Hybrid Artificial Intelligent Systems},
volume={8073},
series={Lecture Notes in Computer Science},
title={Hippocampus Localization Guided by Coherent Point Drift Registration Using Assembled Point Set},
author={Achuthan, Anusha and Rajeswari, Mandava and Jalaluddin, WinMar@Salmah},
pages={92--102},
}

@ARTICLE{Toth12a, 
author={Toth, R. and Madabhushi, A}, 
journal={Medical Imaging, IEEE Transactions on}, 
title={Multifeature Landmark-Free Active Appearance Models: Application to Prostate MRI Segmentation}, 
year={2012}, 
month={Aug}, 
volume={31}, 
number={8}, 
pages={1638--1650}, 
}

@incollection{Papademetris03a,
year={2003},
booktitle={MICCAI},
volume={2879},
title={Computing 3D Non-rigid Brain Registration Using Extended Robust Point Matching for Composite Multisubject fMRI Analysis},
author={Papademetris, Xenophon and Jackowski, AndreaP. and Schultz, RobertT. and Staib, LawrenceH. and Duncan, JamesS.},
pages={788--795},
}

@INPROCEEDINGS{Makni10a, 
author={Makni, N. and Toumi, I and Puech, P. and Issa, M. and Colot, O. and Mordon, S. and Betrouni, N.}, 
booktitle={Engineering in Medicine and Biology Society (EMBC), 2010 Annual International Conference of the IEEE}, 
title={A non rigid registration and deformation algorithm for ultrasound amp; {MR} images to guide prostate cancer therapies}, 
year={2010}, 
month={Aug}, 
pages={3711--3714}, 
}

@article{Makni12a,
title = "Elastic image registration for guiding focal laser ablation of prostate cancer: Preliminary results ",
journal = "Computer Methods and Programs in Biomedicine ",
volume = "108",
number = "1",
pages = "213--223",
year = "2012",
author = "Nasr Makni and Philippe Puech and Pierre Colin and Abdelrahmene Azzouzi and Serge Mordon and Nacim Betrouni",
}

@article{Zhang13a,
title = "{3D} anatomical shape atlas construction using mesh quality preserved deformable models ",
journal = "Computer Vision and Image Understanding ",
volume = "117",
number = "9",
pages = "1061--1071",
year = "2013",
author = "Shaoting Zhang and Yiqiang Zhan and Xinyi Cui and Mingchen Gao and Junzhou Huang and Dimitris Metaxas",
}

@ARTICLE{Papademetris02a, 
author={Papademetris, X. and Sinusas, AJ. and Dione, D.P. and Constable, R.T. and Duncan, J.S.}, 
journal={Medical Imaging, IEEE Transactions on}, 
title={Estimation of {3D} left ventricular deformation from medical images using biomechanical models}, 
year={2002}, 
month={July}, 
volume={21}, 
number={7}, 
pages={786--800}, 
}

@article{Chowdhury12a,
   author = "Chowdhury, Najeeb and Toth, Robert and Chappelow, Jonathan and Kim, Sung and Motwani, Sabin and Punekar, Salman and Lin, Haibo and Both, Stefan and Vapiwala, Neha and Hahn, Stephen and Madabhushi, Anant",
   title = "Concurrent segmentation of the prostate on {MRI} and {CT} via linked statistical shape models for radiotherapy planning",
   journal = "Medical Physics",
   year = "2012",
   volume = "39",
   number = "4", 
   pages = "2214--2228",
}

@ARTICLE{Rasoulian13a, 
author={Rasoulian, A and Rohling, R. and Abolmaesumi, P.}, 
journal={Medical Imaging, IEEE Transactions on}, 
title={Lumbar Spine Segmentation Using a Statistical Multi-Vertebrae Anatomical Shape+Pose Model}, 
year={2013}, 
month={Oct}, 
volume={32}, 
number={10}, 
pages={1890--1900}, 
}

@article{Mahdavi11a,
title = "Semi-automatic segmentation for prostate interventions ",
journal = "Medical Image Analysis ",
volume = "15",
number = "2",
pages = "226--237",
year = "2011",
note = "",
author = "S. Sara Mahdavi and Nick Chng and Ingrid Spadinger and William J. Morris and Septimiu E. Salcudean",
}

@ARTICLE{Jannin02a, 
author={Jannin, P. and Fitzpatrick, J.M. and Hawkes, D.J. and Pennec, X. and Shahidl, R. and Vannier, M.W.}, 
journal={Medical Imaging, IEEE Transactions on}, 
title={Validation of medical image processing in image-guided therapy}, 
year={2002}, 
month={Dec}, 
volume={21}, 
number={12}, 
pages={1445--1449}, 
doi={10.1109/TMI.2002.806568}, 
ISSN={0278-0062},}

@incollection{Zheng13a,
year={2013},
booktitle={Computer Analysis of Images and Patterns},
volume={8047},
title={Expectation Conditional Maximization-Based Deformable Shape Registration},
author={Zheng, Guoyan},
pages={548--555},
}

@incollection{Styner03a,
year={2003},
booktitle={Information Processing in Medical Imaging},
volume={2732},
title={Evaluation of 3D Correspondence Methods for Model Building},
author={Styner, Martin A. and Rajamani, Kumar T. and Nolte, Lutz-Peter and Zsemlye, Gabriel and Székely, Gábor and Taylor, Christopher J. and Davies, Rhodri H.},
pages={63--75},
}

@article{Rivlin48,
  title={Large elastic deformations of isotropic materials. IV. Further developments of the general theory},
  author={Rivlin, RS},
  journal={Philosophical Transactions of the Royal Society of London. Series A, Mathematical and Physical Sciences},
  volume={241},
  number={835},
  pages={379--397},
  year={1948},
  publisher={The Royal Society}
}

@article{Berendsen13a,
title = "Free-form image registration regularized by a statistical shape model: application to organ segmentation in cervical {MR}",
journal = "Computer Vision and Image Understanding ",
volume = "117",
number = "9",
pages = "1119 - 1127",
year = "2013",
note = "",
issn = "1077-3142",
author = "Floris F. Berendsen and Uulke A. van der Heide and Thomas R. Langerak and Alexis N.T.J. Kotte and Josien P.W. Pluim",
}

@article{Baka11a,
title = "{2D}-{3D} shape reconstruction of the distal femur from stereo {X-ray} imaging using statistical shape models ",
journal = "Medical Image Analysis ",
volume = "15",
number = "6",
pages = "840 - 850",
year = "2011",
note = "",
issn = "1361-8415",
author = "N. Baka and B. L. Kaptein and M. de Bruijne and T. van Walsum and J. E. Giphart and W. J. Niessen and B. P. F. Lelieveldt",
}

