@article{Cancer13a,
  title={Canadian Cancer Statistics 2013},
  author={{Canadian Cancer Society’s Advisory Committee on Cancer Statistics}},
  journal={Toronto, ON: Canadian Cancer Society},
}

@article{Rifkin90,
  title={Comparison of magnetic resonance imaging and ultrasonography in staging early prostate cancer. results of a multi-institutional cooperative trial},
  author={Matthew D. Rifkin and Elias A. Zerhouni and Constantine A. Gatsonis and Leslie E. Quint and David M. Paushter and Jonathan I. Epstein and Ulrike Hamper and Patrick C. Walsh and Barbara J. McNeil},
  journal={The New England Journal of Medicine},
  year={1990},
  volume={323},
  number={10},
  pages={621--626},
}

@article {Singh08a,
author = {Singh, Anurag K. and Kruecker, Jochen and Xu, Sheng and Glossop, Neil and Guion, Peter and Ullman, Karen and Choyke, Peter L. and Wood, Bradford J.},
title = {Initial clinical experience with real-time transrectal ultrasonography-magnetic resonance imaging fusion-guided prostate biopsy},
journal = {BJU International},
volume = {101},
number = {7},
publisher = {Blackwell Publishing Ltd},
issn = {1464-410X},
pages = {841--845},
year = {2008},
}

@article{Vourganti12a,
title = "Multiparametric Magnetic Resonance Imaging and Ultrasound Fusion Biopsy Detect Prostate Cancer in Patients with Prior Negative Transrectal Ultrasound Biopsies",
journal = "The Journal of Urology",
volume = "188",
number = "6",
pages = "2152 - 2157",
year = "2012",
note = "",
issn = "0022-5347",
author = "Srinivas Vourganti and Ardeshir Rastinehad and Nitin K. Yerram and Jeffrey Nix and Dmitry Volkin and An Hoang and Baris Turkbey and Gopal N. Gupta and Jochen Kruecker and W. Marston Linehan and Peter L. Choyke and Bradford J. Wood and Peter A. Pinto",
}

@article{Siddiqui13a,
title = "Magnetic Resonance Imaging/Ultrasound–Fusion Biopsy Significantly Upgrades Prostate Cancer Versus Systematic 12-core Transrectal Ultrasound Biopsy",
journal = "European Urology",
volume = "64",
number = "5",
pages = "713 - 719",
year = "2013",
note = "",
issn = "0302-2838",
author = "M. Minhaj Siddiqui and Soroush Rais-Bahrami and Hong Truong and Lambros Stamatakis and Srinivas Vourganti and Jeffrey Nix and Anthony N. Hoang and Annerleim Walton-Diaz and Brian Shuch and Michael Weintraub and Jochen Kruecker and Hayet Amalou and Baris Turkbey and Maria J. Merino and Peter L. Choyke and Bradford J. Wood and Peter A. Pinto",
}

@incollection{Xu11a,
year={2010},
isbn={978-3-642-15710-3},
booktitle={MICCAI},
volume={6363},
series={Lecture Notes in Computer Science},
editor={Jiang, Tianzi and Navab, Nassir and Pluim, JosienP.W. and Viergever, MaxA.},
title={{MRI}-Guided Robotic Prostate Biopsy: A Clinical Accuracy Validation},
publisher={Springer Berlin Heidelberg},
author={Xu, Helen and Lasso, Andras and Vikal, Siddharth and Guion, Peter and Krieger, Axel and Kaushal, Aradhana and Whitcomb, LouisL. and Fichtinger, Gabor},
pages={383-391}
}

@inproceedings{Xu2007a,
  title={Closed-loop control in fused {MR-TRUS} image-guided prostate biopsy},
  author={Xu, Sheng and Kruecker, Jochen and Guion, Peter and Glossop, Neil and Neeman, Ziv and Choyke, Peter and Singh, Anurag K. and Wood, Bradford J.},
  booktitle={MICCAI},
  pages={128--135},
  year={2007},
}

@incollection{Cool11a,
year={2011},
booktitle={Prostate Cancer Imaging. Image Analysis and Image-Guided Interventions},
title={Fusion of {MRI} to {3D} {TRUS} for Mechanically-Assisted Targeted Prostate Biopsy: System Design and Initial Clinical Experience},
author={Cool, Derek W. and Bax, Jeff and Romagnoli, Cesare and Ward, Aaron D. and Gardi, Lori and Karnik, Vaishali and Izawa, Jonathan and Chin, Joseph and Fenster, Aaron},
pages={121-133}
}

@incollection{Sun13a,
year={2013},
isbn={978-3-642-40810-6},
booktitle={MICCAI},
volume={8149},
editor={Mori, Kensaku and Sakuma, Ichiro and Sato, Yoshinobu and Barillot, Christian and Navab, Nassir},
title={Efficient Convex Optimization Approach to {3D} Non-rigid {MR-TRUS} Registration},
publisher={Springer Berlin Heidelberg},
keywords={Non-rigid Image Registration; Convex Optimization; MR-TRUS prostate registration; MIND Similarity Measurement},
author={Sun, Yue and Yuan, Jing and Rajchl, Martin and Qiu, Wu and Romagnoli, Cesare and Fenster, Aaron},
pages={195-202}
}

@article{Hu12a,
title = "{MR} to ultrasound registration for image-guided prostate interventions ",
journal = "Medical Image Analysis ",
volume = "16",
number = "3",
pages = "687 - 703",
year = "2012",
issn = "1361-8415",
author = "Yipeng Hu and Hashim Uddin Ahmed and Zeike Taylor and Clare Allen and Mark Emberton and David Hawkes and Dean Barratt",
}

@INPROCEEDINGS{Moradi12a, 
author={Moradi, M. and Janoos, F. and Fedorov, A. and Risholm, P. and Kapur, T. and Wolfsberger, L. D. and Nguyen, P. L. and Tempany, C.M. and Wells, W. M.}, 
booktitle={Engineering in Medicine and Biology Society (EMBC), 2012 Annual International Conference of the IEEE}, 
title={Two solutions for registration of ultrasound to {MRI} for image-guided prostate interventions}, 
year={2012}, 
month={Aug}, 
pages={1129-1132}, 
ISSN={1557-170X},}

@incollection{Combes10a,
year={2010},
isbn={978-3-642-15744-8},
booktitle={MICCAI},
volume={6362},
editor={Jiang, Tianzi and Navab, Nassir and Pluim, JosienP.W. and Viergever, MaxA.},
title={An Efficient {EM-ICP} Algorithm for Symmetric Consistent Non-linear Registration of Point Sets},
publisher={Springer Berlin Heidelberg},
author={Combès, Benoît and Prima, Sylvain},
pages={594-601}
}

@ARTICLE{Myronenko10a, 
author={Myronenko, A. and Xubo Song}, 
journal={Pattern Analysis and Machine Intelligence, IEEE Transactions on}, 
title={Point Set Registration: Coherent Point Drift}, 
year={2010}, 
month={Dec}, 
volume={32}, 
number={12}, 
pages={2262-2275},  
ISSN={0162-8828},}

@article{Mitra12a,
title = "A spline-based non-linear diffeomorphism for multimodal prostate registration ",
journal = "Medical Image Analysis ",
volume = "16",
number = "6",
pages = "1259 - 1279",
year = "2012",
note = "",
issn = "1361-8415",
author = "Jhimli Mitra and Zoltan Kato and Robert Martí and Arnau Oliver and Xavier Lladó and Désiré Sidibé and Soumya Ghose and Joan C. Vilanova and Josep Comet and Fabrice Meriaudeau"
}

@ARTICLE{Nir13a, 
author={Nir, G. and Sahebjavaher, R.S. and Kozlowski, P. and Chang, S.D. and Sinkus, R. and Goldenberg, S.L. and Salcudean, S.E.}, 
journal={Medical Imaging, IEEE Transactions on}, 
title={Model-based registration of ex vivo and in vivo {MRI} of the prostate using elastography}, 
year={2013}, 
month={June}, 
volume={32}, 
number={6}, 
pages={1068-1080}, 
ISSN={0278-0062},}

@article{Zakian05a,
author = {Zakian, Kristen L. and Sircar, Kanishka and Hricak, Hedvig and Chen, Hui-Ni and Shukla-Dave, Amita and Eberhardt, Steven and Muruganandham, Manickam and Ebora, Lanie and Kattan, Michael W. and Reuter, Victor E. and Scardino, Peter T. and Koutcher, Jason A.},
title = {Correlation of Proton {MR} Spectroscopic Imaging with Gleason Score Based on Step-Section Pathologic Analysis after Radical Prostatectomy},
journal = {Radiology},
volume = {234},
number = {3},
pages = {804-814},
year = {2005},
}

@article {Gibson12a,
author = {Gibson, Eli and Crukley, Cathie and Gaed, Mena and Gómez, José A. and Moussa, Madeleine and Chin, Joseph L. and Bauman, Glenn S. and Fenster, Aaron and Ward, Aaron D.},
title = {Registration of prostate histology images to ex vivo MR images via strand-shaped fiducials},
journal = {Journal of Magnetic Resonance Imaging},
volume = {36},
number = {6},
publisher = {Wiley Subscription Services, Inc., A Wiley Company},
issn = {1522-2586},
pages = {1402--1412},
year = {2012},
}

@incollection{Imani13a,
year={2013},
isbn={978-3-642-40762-8},
booktitle={MICCAI},
volume={8150},
title={Ultrasound-Based Characterization of Prostate Cancer: An in vivo Clinical Feasibility Study},
author={Imani, Farhad and Abolmaesumi, Purang and Gibson, Eli and Khojaste, Amir and Gaed, Mena and Moussa, Madeleine and Gomez, JoseA. and Romagnoli, Cesare and Siemens, D.Robert and Leviridge, Michael and Chang, Silvia and Fenster, Aaron and Ward, AaronD. and Mousavi, Parvin},
pages={279-286}
}

@ARTICLE{silva2011a,
uthor = {Tharindu De Silva and Aaron Fenster and Jeffrey Bax and Cesare Romagnoli and Jonathan Izawa and Jagath Samarabandu and Aaron D. Ward},
title = {Quantification of prostate deformation due to needle insertion during TRUS-guided biopsy: Comparison of hand-held and mechanically stabilized systems},
  journal = {Medical Physics},
  year = {2011},
  volume = {38},
  pages = {1718-1731},
  number = {3},
}

@article{Silva13a,
author = {Tharindu De Silva and Aaron Fenster and Derek W. Cool and Lori Gardi and Cesare Romagnoli and Jagath Samarabandu and Aaron D. Ward},
title = {{2D-3D} rigid registration to compensate for prostate motion during {3D} {TRUS}-guided biopsy},
year = {2013},
journal = {Medical Physics},
volume = {40},
number = {2},
numpages = {13},
pages = {022904},
}

@article{Heinrich12a,
title = "MIND: Modality independent neighbourhood descriptor for multi-modal deformable registration ",
journal = "Medical Image Analysis ",
volume = "16",
number = "7",
pages = "1423 - 1435",
year = "2012",
issn = "1361-8415",
author = "Mattias P. Heinrich and Mark Jenkinson and Manav Bhushan and Tahreema Matin and Fergus V. Gleeson and Sir Michael Brady and Julia A. Schnabel",
}

@article{Smith07a,
title = "Prostate volume contouring: A {3D} analysis of segmentation using {3DTRUS}, {CT}, and {MR} ",
journal = "International Journal of Radiation Oncology*Biology*Physics ",
volume = "67",
number = "4",
pages = "1238 - 1247",
year = "2007",
note = "",
issn = "0360-3016",
author = "Wendy L. Smith and Craig Lewis and Glenn Bauman and George Rodrigues and David D’Souza and Robert Ash and Derek Ho and Varagur Venkatesan and Dónal Downey and Aaron Fenster",
}

@incollection{Qiu12a,
year={2012},
booktitle={MICCAI},
volume={7510},
title={Rotational-Slice-Based Prostate Segmentation Using Level Set with Shape Constraint for {3D} End-Firing {TRUS} Guided Biopsy},
author={Qiu, Wu and Yuan, Jing and Ukwatta, Eranga and Tessier, David and Fenster, Aaron},
pages={537-544}
}
